@misc{wiki:10GEPON,
  author = "Wikipedia",
  title = "10G EPON --- {W}ikipedia{,} The Free Encyclopedia",
  year = "2011",
  url = "\url{http://en.wikipedia.org/wiki/10G-EPON#Power_budgets}",
  note = "[Online; accessed 8-May-2011]"
}

@misc{WDMEPON,
  author = "Michael P. McGarry, Martin Reisslein, Martin Maier",
  title = "WDM Ethernet Passive Optical Networks",
  year = "2006",
  note = "[IEEE Optical Communications - February 2006]"
}

@misc{KRAMER,
  author = "Glen Kramer",
  title = "Ethernet Passive Optical Networks",
  year = "2005",
  note = "[Page 109]"
}
